% This file was created with JabRef 2.7b.
% Encoding: UTF-8

@BOOK{abelson1,
  title = {Turtle geometry: The computer as a medium for exploring mathematics},
  publisher = {the MIT Press},
  year = {1986},
  author = {Abelson, Harold and Di Sessa, Andrea A}
}

book{mobiledesing,
  title={Mobile Design and Development },
  author={Brian Fling},
  year={2009},
  publisher={ O'Reilly Media},
  keywords = {mobile}
}

%Ejemplo
@misc{bootstrap,
  key          = {Bootstrap},
  title        = {{Documento en linea.} {Disponible en}},
  howpublished = {\url{globocom.github.com/bootstrap/}},
  year         = {2013},
  note         = {Consultado el \today}
}

@misc{bdbib,
  key          = {CCM},
  title        = {{Base de Datos} {Documento en linea.} {Disponible en}},
  howpublished = {\url{http://es.ccm.net/contents/66-introduccion-bases-de-datos}},
  year         = {2016},
  note         = {Consultado el \today}
}

@misc{smdbbib,
  key          = {Emilio Vega},
  title        = {{Sistema Manejador de Base de Datos} {Valor de la Gestion de los Datos} {Documento en linea.} {Disponible en}},
  howpublished = {\url{http://blog.powerdata.es/el-valor-de-la-gestion-de-datos/bid/406549/Qu-es-el-sistema-manejador-de-bases-de-datos}},
  year         = {2015},
  note         = {Consultado el \today}
}



@misc{postgresbib,
  key          = {Rafael},
  title        = {{PostgresSql} {Documento en linea.} {Disponible en}},
  howpublished = {\url{http://www.postgresql.org.es/sobre_postgresql}},
  year         = {2016},
  note         = {Consultado el \today}
}


misc{tipoaplicacionesmobilesbib,
  key          = {LanceTalent},
  title        = {{Tipo Aplicaciones Moviles} {Documento en linea.} {Disponible en}},
  howpublished = {\url{https://www.lancetalent.com/blog/tipos-de-aplicaciones-moviles-ventajas-inconvenientes/}},
  year         = {2014},
  note         = {Consultado el \today}
}


@misc{mysqlbib,
  key          = {¿Qué es MySQL?},
  title        = {{MySQL} {SMDB} {Documento en linea.} {Disponible en}},
  howpublished = {\url{http://dev.mysql.com/doc/refman/5.7/en/introduction.html}},
  year         = {2005},
  note         = {Consultado el \today}
}

@misc{oraclebib,
  key          = {IES San Vicente},
  title        = {{Oracle} {SMDB} {Documento en linea.} {Disponible en}},
  howpublished = {\url{https://iessanvicente.com/colaboraciones/oracle.pdf}},
  year         = {2016},
  note         = {Consultado el \today}
}




misc{celbib,
  key          = {EcuRed},
  title        = {{Telefono Celular} {Documento en linea.} {Disponible en}},
  howpublished = {\url{http://www.ecured.cu/Tel%C3%A9fono_celular}},
  year         = {2016},
  note         = {Consultado el \today}
}

misc{tabletbib,
  key          = {Tablets},
  title        = {{Documento en linea.} {Disponible en}},
  howpublished = {\url{http://www.definicionabc.com/tecnologia/tablet.php}},
  year         = {2016},
  note         = {Consultado el \today}
}

 misc{sombib,
   key          = {Sistemas Operativos Moviles},
   title        = {{Documento en linea.} {Disponible en}},
   howpublished = {\url{http://exa.unne.edu.ar/informatica/SO/Sistemas_Operativos_en_Dispositivos_Moviles.pdf}},
   year         = {2016},
   note         = {Consultado el \today}
 }
 

misc{androidbib,
  key          = {¿Que es Android?},
  title        = {{Android (2011)} {Documento en linea.} {Disponible en}},
  howpublished = {\url{http://www.xatakandroid.com/sistema-operativo/que-es-android}},
  year         = {},
  note         = {Consultado el \today}
}

misc{androidobib,
  key          = {Android},
  title        = {{(2016)} {Documento en linea.} {Disponible en}},
  howpublished = {\url{https://www.android.com/}},
  year         = {},
  note         = {Consultado el \today}
}



misc{iosbib,
  key          = {Apple Inc},
  year         = {2016},
  title        = {{iOS} {Documento en linea.} {Disponible en}},
  howpublished = {\url{http://www.apple.com/mx/ios/what-is/}},
  note         = {Consultado el \today}
}


@misc{firefoxbib,
  key          = {Mozilla Developer Network},
  title        = {{Firefox OS} {Documento en linea.} {Disponible en}},
  howpublished = {\url{https://developer.mozilla.org/en-US/docs/Mozilla/B2G_OS}},
  year         = {2016},
  note         = {Consultado el \today}
}

@misc{jquerybib,
  key          = {JQuery},
  title        = {{Documento en linea.} {Disponible en}},
  howpublished = {\url{http://www.desarrolloweb.com/articulos/introduccion-jquery.html}},
  year         = {2009},
  note         = {Consultado el \today}
}

@misc{jqueryuibib,
  key          = {JQueryUI},
  title        = {{Documento en linea.} {Disponible en}},
  howpublished = {\url{http://www.desarrolloweb.com/manuales/manual-jqueryui.html}},
  year         = {2013},
  note         = {Consultado el \today}
}

@misc{cakebib,
  key          = {¿Que es CakePHP y por que usarlo?},
  title        = {(2012) {Documento en linea.} {Disponible en}},
  howpublished = {\url{http://book.cakephp.org/1.3/es/The-Manual/Beginning-With-CakePHP/What-is-CakePHP-Why-Use-it.html}},
  note         = {Consultado el \today}
}

@misc{rubybib,
  key          = {Ruby on Rails},
  title        = {{Documento en linea.} {Disponible en}},
  howpublished = {\url{http://www.rubyonrails.org.es/}},
  note         = {Consultado el \today}
}

@misc{jsonbib,
  key          = {ECMA-404 The JSON Data Interchange Standard},
  title        = {{Documento en linea.} {Disponible en}},
  howpublished = {\url{http://www.json.org/json-es.html}},
  year         = {2016},
  note         = {Consultado el \today}
}

misc{titaniumbib,
  key          = {Titanium Appcelerator},
  title        = {{Plataforma Desarrollo de Aplicaciones Moviles (s,f)} {Documento en linea.} {Disponible en}},
  howpublished = {\url{https://docs.appcelerator.com/platform/latest/#!/guide/Appcelerator_Platform}},
  year         = {2016},
  note         = {Consultado el \today}
}

@misc{peritobib,
  key          = {Hernández Carlos},
  title        = {{Documento en linea.} {Disponible en}},
  howpublished = {\url{https://www.fundacionmapfre.org/documentacion/publico/i18n/catalogo_imagenes/grupo.cmd?path=1071550}},
  year         = {2012},
  note         = {Consultado el \today}
}
@misc{peritoIVbib,
  key          = {Guaranty Car, S.A.},
  title        = {{Documento en linea.} {Disponible en}},
  howpublished = {\url{http://blog.carsycars.com/seguridad-y-tecnologia/como-peritar-un-coche/}},
  year         = {2012},
  note         = {Consultado el \today}
}

@misc{seguroVehiculobib,
  key          = {Asegurándome},
  title        = {{Documento en linea.} {Disponible en}},
  howpublished = {\url{http://asegurandome.com.ve/seguro-de-automovil/}},
  year         = {2016},
  note         = {Consultado el \today}
}

misc{phonegapbib,
  key          = {PhoneGap},
  title        = {{Documento en linea.} {Disponible en}},
  howpublished = {\url{http://docs.phonegap.com/references/developer-app/}},
  year         = {2016},
  note         = {Consultado el \today}
}

misc{ionicpbib,
  key          = {Ionic},
  title        = {{Documento en linea.} {Disponible en}},
  howpublished = {\url{https://coderhouse.gitbooks.io/ionic/content/index.html}},
  year         = {2016},
  note         = {Consultado el \today}
}

misc{bdmovil,
  key          = {IUTEP},
  title        = {(2012) {Base de datos Moviles} {Documento en linea.} {Disponible en}},
  howpublished = {\url{https://modelosbd2012t1.wordpress.com/2012/03/15/base-de-datos-moviles-3}},
  year         = {},
  note         = {Consultado el \today}
}
misc{sqlitebib,
  key          = {Filein Rómmel},
  title        = {(2007) {Sqlite} {Documento en linea.} {Disponible en}},
  howpublished = {\url{http://sg.com.mx/revista/17/sqlite-la-base-datos-embebida#.V5D22JcoBC0}},
  year         = {},
  note         = {Consultado el \today}
}

@misc{sqlservercebib,
  key          = {TechNet Microsoft},
  title        = {(2016) {SQL Server Compact} {Documento en linea.} {Disponible en}},
  howpublished = {\url{https://technet.microsoft.com/es-es/library/ms172448\%28v=sql.110\%29.aspx}},
  year         = {},
  note         = {Consultado el \today}
}

@misc{sqlserverce2bib,
  key          = {Ecured},
  title        = {(2016) {SQL Server Compact} {Documento en linea.} {Disponible en}},
  howpublished = {\url{http://www.ecured.cu/Sql_server_ce}},
  year         = {},
  note         = {Consultado el \today}
}

@misc{agilusbib,
  key          = {Eleonora Acosta},
  title        = {(2011) {AgilUs: Construcción ágil de la Usabilidad} {Documento en linea.} {Disponible en}},
  howpublished = {\url{http://www.ciens.ucv.ve:8080/genasig/sites/interaccion-humano-comp/archivos/234_CLEI_Acosta_Paper.pdf}},
  year         = {},
  note         = {Consultado el \today}
}

@misc{sybasebib,
  key          = {Ecured},
  title        = {(2011) {Sybase} {Documento en linea.} {Disponible en}},
  howpublished = {\url{http://www.ecured.cu/Sybase_ASE}},
  year         = {},
  note         = {Consultado el \today}
}

@misc{djangobib,
  key          = {Django},
  title        = {(2016) {GitBook} {Documento en linea.} {Disponible en}},
  howpublished = {\url{http://tutorial.djangogirls.org/es/django/}},
  year         = {},
  note         = {Consultado el \today}
}

@misc{cssbib,
  key          = {CSS},
  title        = {(2016) {W3Schools} {Documento en linea.} {Disponible en}},
  howpublished = {\url{http://www.w3schools.com/css/css_intro.asp}},
  year         = {},
  note         = {Consultado el \today}
}

@misc{htmlbib,
  key          = {HTML},
  title        = {(2016) {W3Schools} {Documento en linea.} {Disponible en}},
  howpublished = {\url{http://www.w3schools.com/html/html_intro.asp}},
  year         = {},
  note         = {Consultado el \today}
}


@misc{seguroIbib,
  key          = {Irene Albarán},
  title        = {(2008) {UCM} {Documento en linea.} {Disponible en}},
  howpublished = {\url{http://eprints.ucm.es/6723/1/0022.pdf}},
  year         = {},
  note         = {Consultado el \today}
}

@misc{cascadabib,
  key          = {Wiki Uploads},
  title        = {(2013){Documento en linea.} {Disponible en}},
  howpublished = {\url{https://upload.wikimedia.org/wikipedia/commons/thumb/0/01/Modelo_Cascada_Secuencial.jpg/350px-Modelo_Cascada_Secuencial.jpg}},
  year         = {},
  note         = {Consultado el \today}
}

@misc{dtyocbib,
  key          = {DTyOC},
  title        = {(2016) {Documento en linea.} {Disponible en}},
  howpublished = {\url{https://dtyoc.com/2016/06/07/modelo-rup-ibm/}},
  year         = {},
  note         = {Consultado el \today}
}
@misc{scrumibib,
  key          = {Methods \& Tools},
  title        = {(2004) {Documento en linea.} {Disponible en}},
  howpublished = {\url{http://www.methodsandtools.com/archive/archive.php?id=18}},
  year         = {},
  note         = {Consultado el \today}
}
@misc{xpibib,
  key          = {Javier Cifuentes},
  title        = {(2015) {Documento en linea.} {Disponible en}},
  howpublished = {\url{http://xoratom.com/blog/2015/09/09/extreme-programming/}},
  year         = {},
  note         = {Consultado el \today}
}

@book{javascripbib,
  title={JavaScript: The Definitive Guide SIXTH EDITION},
  author={David Flanagan},
  year={2011},
  publisher={ O'Reilly Media},
  keywords = {javascript}
}

@book{contratobib,
  title={Contrato de Seguro},
  author={Halperin, Isaac},
  year={1966},
  publisher={Depalma},
  keywords = {contrato_seguro}
}



@comment{jabref-meta: selector_publisher:}

@comment{jabref-meta: selector_author:}

@comment{jabref-meta: selector_journal:}

@comment{jabref-meta: selector_keywords:}